@Comment А вот так оформляется библиография при помощи BibTeX.

@MISC{web:slingHealthCheck,
	TITLE = "Sling Health Check Tools",
	url = {https://sling.apache.org/documentation/bundles/sling-health-check-tool.html},
	urldate = {10.05.2017},
	language = {russian},
	media = {eresource},
}

@MISC{web:osgiSite,
	TITLE = "OSGI Architecture",
	url = {https://www.osgi.org/developer/architecture/},
	urldate = {10.05.2017},
	language = {russian},
	media = {eresource},
}

@BOOK{osgiInAction,
title={OSGI IN ACTION, Creating modular applications in java},
author={Hall, R.S. and Pauls, K. and Mcculloch, S. and Savage, D.},
publisher = {Wiley India Pvt. Limited},
year = {2011},
pagetotal = {576},
language = {russian},
}

@MISC{web:felixScr,
	TITLE = "Apache Felix Service Component Runtime (SCR)",
	url = {https://felix.apache.org/documentation/subprojects/apache-felix-service-component-runtime.html},
	urldate = {10.05.2017},
	language = {russian},
	media = {eresource},
}

@MISC{web:aemDashboard,
	TITLE = "Operations Dashboard",
	url = {https://docs.adobe.com/docs/en/aem/6-1/administer/operations/operations-dashboard.html},
	urldate = {10.05.2017},
	language = {russian},
	media = {eresource},
}

@MISC{web:nagiosOverflow,
    TITLE = "Настройка Nagios конфигурации",
    url = {https://serverfault.com/questions/329125/nagios-check-service-frequency-based-on-service-status},
    urldate = {10.05.2017},
	language = {russian},
	media = {eresource},
}

@MISC{web:nagiosInstall,
	TITLE = "Install And Configure Nagios 4 On CentOS 7",
	url = {https://www.unixmen.com/install-configure-nagios-4-centos-7/},
	urldate = {10.05.2017},
	language = {russian},
	media = {eresource},
}

@MISC{web:nagiosPlugin,
	TITLE = "Nagios plugin to parse JSON from an HTTP response",
	url = {https://github.com/phrawzty/check_http_json},
	urldate = {10.05.2017},
	language = {russian},
	media = {eresource},
}

@MISC{web:nagiosMonitoringArhitect,
	TITLE = "Nagios Plugin Theory",
	url = {http://nagios.manubulon.com/traduction/docs25en/plugintheory.html},
	urldate = {10.05.2017},
	language = {russian},
	media = {eresource},
}

@MISC{web:nagiosDocs,
	TITLE = "Nagios Core Manuals",
	url = {https://library.nagios.com/library/products/nagios-core/manuals//},
	urldate = {10.05.2017},
	language = {russian},
	media = {eresource},
}

@MISC{web:wikiSaml,
	TITLE = "Oasis SAML Wiki",
	url = {https://wiki.oasis-open.org/security/FrontPage},
	urldate = {09.05.2019},
	language = {russian},
	media = {eresource},
}

@MISC{web:aemSaml,
	TITLE = "Integrating SAML with Adobe Experience Manager",
	url = {https://helpx.adobe.com/experience-manager/using/aem63_saml.html},
	urldate = {09.05.2019},
	language = {russian},
	media = {eresource},
}

@MISC{web:samlTechDocs,
	TITLE = "Security Assertion Markup Language (SAML) V2.0 Technical Overview",
	url = {http://docs.oasis-open.org/security/saml/Post2.0/sstc-saml-tech-overview-2.0.html},
	urldate = {09.05.2019},
	language = {russian},
	media = {eresource},
}

@MISC{web:samlFrameworksOasis,	
	TITLE = "SAML Open Source Implementations",
	url = {http://saml.xml.org/wiki/saml-open-source-implementations},
	urldate = {09.05.2019},
	language = {russian},
	media = {eresource},
}

@MISC{web:samlFrameworksWiki,
	TITLE = "SAML-based products and services",
	url = {https://en.wikipedia.org/wiki/SAML-based_products_and_services},
	urldate = {09.05.2019},
	language = {russian},
	media = {eresource},
}

@MISC{web:classLoaderIssue,
	TITLE = "Class loader issues in OSGi",
	url = {https://helpx.adobe.com/ru/experience-manager/kb/OsgiClassLoading3Party.html},
	urldate = {09.05.2019},
	language = {russian},
	media = {eresource},
}

@MISC{web:usingClassLoaders,
	TITLE = "Class loader issues in OSGi | Third-party libs using the Thread contex",
	url = {https://www.slideshare.net/s-brinkmann/third-party-libraries-and-os-gi-a-complicated-relationship},
	urldate = {09.05.2019},
	language = {russian},
	media = {eresource},
}

@MISC{web:openSamlBlog,
	TITLE = "Blog about Open SAML framework",
	url = {https://blog.samlsecurity.com},
	urldate = {09.05.2019},
	language = {russian},
	media = {eresource},
}
